@article{knuth:84,
  title = {Título},
  author = {Reis, Dalton Solano dos and Silva, Marcos and Souza, Carlos},
  date = {2025-09-16},
  year = {2025},
  journal = {Revista},
  volume = {6},
  number = {1},
  pages = {108--120},
  issn = {2176-6649},
  doi = {10.5335/rbca.2014.3452},
  url = {https://seer.upf.br/index.php/rbca/article/view/3452},
  urldate = {2025-09-06},
}

@article{boulic:91,
  title = {Título},
  author = {Reis, Dalton Solano dos and Silva, Marcos and Souza, Carlos},
  date = {2025-09-16},
  year = {2025},
  journal = {Revista},
  volume = {6},
  number = {1},
  pages = {108--120},
  issn = {2176-6649},
  doi = {10.5335/rbca.2014.3452},
  url = {https://seer.upf.br/index.php/rbca/article/view/3452},
  urldate = {2025-09-06},
}
@article{smith:99,
  title = {Título},
  author = {Reis, Dalton Solano dos and Silva, Marcos and Souza, Carlos},
  date = {2025-09-16},
  year = {2025},
  journal = {Revista},
  volume = {6},
  number = {1},
  pages = {108--120},
  issn = {2176-6649},
  doi = {10.5335/rbca.2014.3452},
  url = {https://seer.upf.br/index.php/rbca/article/view/3452},
  urldate = {2025-09-06},
}
