/Users/daltonreis/GitHub/disciplinas/UDESC_2025/Dr/DR_Estudo.bib