@article{azumaRecentAdvancesAugmentedReality2001,
  title   = {Recent Advances in Augmented Reality},
  author  = {Azuma, Ronald T. and Baillot, Yohan and Behringer, Reinhold and Feiner, Steven and Julier, Simon and MacIntyre, Blair},
  journal = {IEEE Computer Graphics and Applications},
  year    = {2001},
  volume  = {21},
  number  = {6},
  pages   = {34--47},
  doi     = {10.1109/38.963459}
}

@inproceedings{freinaSeriousGamesEducation2015,
  title     = {Serious Games and Motivation in Education},
  author    = {Freina, Laura and Ott, Michela},
  booktitle = {Proceedings of the European Conference on Games Based Learning},
  year      = {2015},
  pages     = {606--614}
}

@incollection{pimentelDesignScienceResearch2020,
  title     = {Design Science Research: Teoria e Aplicação},
  author    = {Pimentel, Mariano and Figueiredo, Katia and et al.},
  booktitle = {Metodologias de Pesquisa em Computação Aplicada},
  publisher = {Elsevier},
  year      = {2020},
  pages     = {57--82}
}